<record><leader>00000cas a22000007a 4500</leader><controlfield tag="001">16310024</controlfield><controlfield tag="008">870728d18741875inudn ne      0    0eng d</controlfield><datafield ind1=" " ind2=" " tag="010"><subfield code="a">sn 87056542 </subfield></datafield><datafield ind1=" " ind2=" " tag="040"><subfield code="a">NPI</subfield><subfield code="b">eng</subfield><subfield code="c">NPI</subfield><subfield code="d">OCLCQ</subfield></datafield><datafield ind1=" " ind2=" " tag="042"><subfield code="a">msc</subfield></datafield><datafield ind1="0" ind2=" " tag="130"><subfield code="a">Daily globe (Indianapolis, Ind.)</subfield></datafield><datafield ind1="1" ind2="4" tag="245"><subfield code="a">The daily globe.</subfield></datafield><datafield ind1=" " ind2=" " tag="260"><subfield code="a">Indianapolis, Ind. :</subfield><subfield code="b">H.S. Bigham</subfield></datafield><datafield ind1=" " ind2=" " tag="310"><subfield code="a">Daily (except Sun.)</subfield></datafield><datafield ind1="1" ind2=" " tag="362"><subfield code="a">Began in 1874; ceased in 1875.</subfield></datafield><datafield ind1=" " ind2=" " tag="515"><subfield code="a">May 15, 1875 issue announces one week suspension.</subfield></datafield><datafield ind1=" " ind2=" " tag="580"><subfield code="a">Also published in a weekly ed. called: Weekly globe (Indianapolis, Ind.).</subfield></datafield><datafield ind1=" " ind2=" " tag="588"><subfield code="a">Description based on: Vol. 1, no. 151 (Feb. 26, 1875).</subfield></datafield><datafield ind1=" " ind2=" " tag="752"><subfield code="a">United States</subfield><subfield code="b">Indiana</subfield><subfield code="c">Marion</subfield><subfield code="d">Indianapolis.</subfield></datafield><datafield ind1="1" ind2=" " tag="775"><subfield code="t">Weekly globe (Indianapolis, Ind.)</subfield></datafield></record>